<?xml version="1.0" encoding="UTF-8"?><collection xmlns="http://www.loc.gov/MARC21/slim"><record><leader>00523nam--2200181-i-4500</leader><controlfield tag="001">000008193</controlfield><controlfield tag="002">20161230</controlfield><controlfield tag="005">20161230201027</controlfield><controlfield tag="008">060222s1000------------r-----000-0-eng-d</controlfield><datafield ind1=" " ind2=" " tag="040"><subfield code="a">IFIN-HH</subfield></datafield><datafield ind1=" " ind2=" " tag="080"><subfield code="a">539.12:621.384.6</subfield></datafield><datafield ind1="1" ind2=" " tag="100"><subfield code="a">Gouiran, Robert</subfield></datafield><datafield ind1="1" ind2="0" tag="245"><subfield code="a">Particles and accelerators</subfield><subfield code="b">Translated by w.f.g. crozier</subfield><subfield code="c">Robert gouiran</subfield></datafield><datafield ind1=" " ind2=" " tag="260"><subfield code="a">Verona</subfield><subfield code="b">Officine Grafiche Arnoldo Mondadori</subfield><subfield code="c">1967</subfield></datafield><datafield ind1=" " ind2=" " tag="300"><subfield code="a">256P</subfield></datafield><datafield ind1=" " ind2=" " tag="490"><subfield code="a">World University Library</subfield></datafield><datafield ind1=" " ind2=" " tag="852"><subfield code="a">27423</subfield><subfield code="c">539.12</subfield></datafield><datafield ind1=" " ind2=" " tag="CAT"><subfield code="a">Sys</subfield><subfield code="c">20111115</subfield><subfield code="h">152734</subfield></datafield></record></collection>